<record><leader>01353cam a2200325 a 4500</leader><controlfield tag="001">1325224</controlfield><controlfield tag="008">901002s1985    cou               0 eng c</controlfield><datafield ind1=" " ind2=" " tag="035"><subfield code="a">ocm70305435</subfield></datafield><datafield ind1=" " ind2=" " tag="040"><subfield code="b">eng</subfield></datafield><datafield ind1=" " ind2=" " tag="043"><subfield code="a">n-us---</subfield></datafield><datafield ind1=" " ind2=" " tag="049"><subfield code="a">AEU</subfield><subfield code="b">eng</subfield></datafield><datafield ind1=" " ind2="3" tag="055"><subfield code="a">KF 1852 A75</subfield><subfield code="b">I59 1985</subfield></datafield><datafield ind1="0" ind2=" " tag="090"><subfield code="a">KF 1852 A75 I59 1985</subfield></datafield><datafield ind1="0" ind2="0" tag="245"><subfield code="a">Institute on Oil and Gas Conservation Law and Practice /</subfield><subfield code="c">sponsored by the Rocky Mountain Mineral Law Foundation.</subfield></datafield><datafield ind1=" " ind2=" " tag="260"><subfield code="a">Boulder, Colo. :</subfield><subfield code="b">Rocky Mountain Mineral Law Foundation,</subfield><subfield code="c">c1985.</subfield></datafield><datafield ind1=" " ind2=" " tag="300"><subfield code="a">1 v. (various pagings) :</subfield><subfield code="b">ill. ;</subfield><subfield code="c">30 cm.</subfield></datafield><datafield ind1=" " ind2=" " tag="336"><subfield code="a">text</subfield><subfield code="b">txt</subfield><subfield code="2">rdacontent</subfield></datafield><datafield ind1=" " ind2=" " tag="337"><subfield code="a">unmediated</subfield><subfield code="b">n</subfield><subfield code="2">rdamedia</subfield></datafield><datafield ind1=" " ind2=" " tag="338"><subfield code="a">volume</subfield><subfield code="b">nc</subfield><subfield code="2">rdacarrier</subfield></datafield><datafield ind1=" " ind2=" " tag="500"><subfield code="a">Cover and spine title: Oil and gas conservation law and practice.</subfield></datafield><datafield ind1=" " ind2=" " tag="500"><subfield code="a">"September 26 &amp; 27, 1985, Hilton Inn, Santa Fe, New Mexico".</subfield></datafield><datafield ind1=" " ind2=" " tag="500"><subfield code="a">Program chairman: Gretchen A. Vanderwerf.</subfield></datafield><datafield ind1=" " ind2=" " tag="596"><subfield code="a">38</subfield></datafield><datafield ind1=" " ind2="0" tag="650"><subfield code="a">Petroleum conservation</subfield><subfield code="z">United States.</subfield></datafield><datafield ind1=" " ind2="0" tag="650"><subfield code="a">Natural gas</subfield><subfield code="x">Conservation</subfield><subfield code="z">United States.</subfield></datafield><datafield ind1=" " ind2="0" tag="650"><subfield code="a">Natural gas</subfield><subfield code="x">Law and legislation</subfield><subfield code="z">United States.</subfield></datafield><datafield ind1=" " ind2="0" tag="650"><subfield code="a">Petroleum law and legislation</subfield><subfield code="z">United States.</subfield></datafield><datafield ind1="1" ind2=" " tag="700"><subfield code="a">Vanderwerf, Gretchen A.</subfield></datafield><datafield ind1="2" ind2=" " tag="710"><subfield code="a">Rocky Mountain Mineral Law Foundation.</subfield></datafield><datafield ind1=" " ind2=" " tag="926"><subfield code="a">KF 1852 A75 I59 1985</subfield><subfield code="w">LC</subfield><subfield code="c">1</subfield><subfield code="i">000034245787</subfield><subfield code="l">ON_SHELF</subfield><subfield code="m">UABARD</subfield><subfield code="p">$150.00</subfield><subfield code="r">Y</subfield><subfield code="s">Y</subfield><subfield code="t">BOOK</subfield><subfield code="u">10/3/1990</subfield><subfield code="o">.STAFF. C0006564</subfield></datafield></record>